1554 2678
431 577 621 621 NOTAE
642 576 712 618 IN
733 571 967 617 LIBRUM
990 570 1072 615 ΙΙΙ.

670 767 832 776 ———-

230 892 307 933 Pag.
323 893 371 923 15.
384 891 405 921 I.
425 893 444 922 9
454 889 562 931 Ὅμοια
578 892 650 921 τοῖσι
665 888 815 932 πρώτοισι]
830 890 865 919 In
881 895 968 920 tanta
981 887 1152 919 scribarum
1168 884 1332 921 discordia,

185 942 328 976 promtus
341 933 380 964 ad
396 935 512 970 Aldum,
525 933 608 964 haud
632 933 714 974 juste
741 932 778 962 ab
796 933 840 962 H.
856 933 996 974 Stephano
1021 931 1190 966 desertum,
1213 928 1332 959 reditus

183 977 265 1008 fuit:
301 986 438 1008 caussam
460 976 499 1006 ad
522 975 688 1018 superioris
712 974 784 1005 libri
800 976 835 1006 C.
851 978 901 1006 57.
915 974 1062 1016 produxi.
1104 975 1165 1005 Par
1180 970 1332 1003 sententia

188 1022 331 1062 Bergleri.
375 1019 444 1050 Fuit
466 1026 572 1049 autem
596 1018 695 1050 Persis
710 1019 740 1048 in
755 1017 848 1048 variis
862 1017 1084 1060 suppliciorum
1099 1015 1266 1059 generibus
1281 1023 1331 1044 re*

187 1070 278 1105 cepta
299 1070 330 1094 et
352 1061 508 1093 sollemnis
521 1062 695 1092 viventium
717 1060 927 1092 crudelissima
941 1060 1084 1097 defoaeio,
1106 1061 1215 1091 Nostro
1230 1056 1332 1088 indice

188 1116 250 1142 vn,
269 1109 338 1136 114.
351 1116 446 1146 quam
469 1104 595 1146 quidem
610 1115 650 1135 ex
666 1103 853 1140 Abrahami,
866 1103 966 1135 filium
981 1104 1088 1134 divino
1100 1103 1185 1144 jussu
1200 1099 1333 1131 inmola-

189 1149 266 1186 ειη-ἰ,
278 1147 420 1190 exemplo
443 1148 586 1178 derivans
609 1148 663 1179 Th.
684 1148 769 1189 Hyde
784 1146 886 1188 Reliq.
901 1149 985 1178 Pers.
1007 1148 1044 1178 C.
1059 1150 1090 1183 2,
1111 1156 1140 1188 p.
1155 1149 1208 1176 30.
1222 1154 1241 1174 a
1255 1153 1333 1173 vero

186 1191 282 1234 longe
305 1191 451 1222 deflectit.
493 1193 655 1232 Quantum
671 1190 755 1221 enim
770 1190 884 1221 distant
898 1192 1033 1220 inmolare
1055 1197 1085 1220 et
1099 1191 1177 1219 humi
1192 1184 1334 1229 supplicii

186 1245 291 1265 caussa
299 1236 426 1275 dsodere
436 1234 453 1263 ?
477 1234 561 1274 Quin
576 1234 601 1264 si
615 1234 675 1264 aris
689 1241 839 1264 mactatos
852 1233 1055 1274 inposuissent
1072 1234 1185 1267 Persae,
1201 1229 1277 1260 nihil
1293 1228 1334 1259 ad

187 1276 420 1313 Abrahamum,
433 1277 548 1318 quippe
564 1278 682 1307 Isaeum
698 1286 759 1307 non
781 1275 996 1312 inmolantern,
1019 1275 1104 1317 quod
1124 1273 1218 1305 variis
1232 1272 1333 1303 natio-

189 1319 281 1351 nibus
295 1320 378 1361 inpia
393 1319 469 1350 olim
485 1319 577 1350 suasit
591 1319 711 1360 religio.
754 1321 870 1349 Wess.

230 1364 307 1406 Pag.
321 1367 371 1393 20.
385 1364 405 1393 l.
419 1366 447 1393 7.
463 1363 529 1397 Τοὺς
547 1363 731 1401 καλεομένους
746 1361 920 1404 Καλατῖας]
936 1363 976 1392 H
974 1369 1086 1392 ecataeus
1096 1359 1229 1392 nationis
1243 1358 1336 1400 hujus

192 1405 307 1436 Indicae
322 1416 437 1436 nomen
452 1405 564 1436 eodem
579 1405 685 1436 scribit
707 1405 802 1435 modo
825 1406 907 1447 apud
930 1406 1017 1446 Steph
1040 1407 1118 1447 Byz.
1139 1403 1170 1434 in
1193 1404 1272 1433 Voc.
1286 1403 1335 1432 At

189 1447 271 1479 infra
286 1449 323 1480 C.
334 1452 384 1480 97.
401 1449 578 1485 Καλαντίοιι,
592 1450 656 1479 sive
670 1459 710 1478 ex
728 1449 822 1479 MSS.
847 1449 1038 1479 Καλλιστίαι.
1082 1450 1210 1482 Gentes,
1224 1455 1336 1487 paren-

190 1498 238 1522 tes
252 1502 322 1522 suos
335 1499 491 1528 vorantes,
503 1491 679 1532 produntur
693 1490 807 1532 plures.
847 1491 933 1522 Conf
945 1493 1062 1522 Sextum
1074 1492 1217 1532 Empiric.
1263 1488 1336 1528 Hy·

191 1542 302 1576 potyp.
315 1541 370 1571 111,
385 1539 435 1565 24.
449 1546 479 1576 p.
495 1538 564 1564 184.
578 1544 649 1565 cum
664 1535 793 1564 Fabricii
807 1533 985 1565 observatis.
1028 1536 1142 1564 Wess.

237 1579 314 1619 Pag.
334 1582 384 1608 20.
398 1579 417 1607 l.
435 1581 482 1608 14.
503 1578 594 1617 Νόμον
616 1577 732 1608 πάντων
747 1577 890 1618 βασιλέα]
906 1578 1014 1608 Poe'tae
1029 1577 1088 1607 hoc
1103 1576 1179 1607 scito
1193 1573 1272 1605 nihil
1287 1583 1336 1604 ce-

195 1619 311 1651 lebrius
332 1621 518 1656 Plutarchus,
540 1622 693 1656 Aristides,
713 1621 834 1651 Clemens
857 1622 943 1650 Alex.
965 1621 1147 1656 lamblichus,
1174 1626 1205 1649 et
1219 1617 1280 1647 hoc
1296 1617 1335 1647 de

193 1673 309 1705 genere
325 1662 375 1693 alii
390 1662 554 1693 laudarunt
568 1662 757 1704 frequenter.
798 1665 917 1694 Eorum
932 1662 1108 1694 exscribere
1120 1661 1215 1693 verba
1230 1670 1338 1701 super-

194 1705 286 1736 sedeo
299 1718 305 1736 :
330 1705 446 1737 habent
465 1705 549 1736 docti
559 1706 618 1736 viri
633 1706 673 1736 ad
691 1707 819 1737 Clement.
829 1708 944 1737 Sti-om.
958 1717 980 1736 1.
995 1717 1024 1748 p.
1038 1709 1110 1737 427.
1126 1707 1167 1735 Io.
1179 1706 1238 1734 Iac.
1254 1705 1322 1733 Wet

193 1755 261 1779 sten.
273 1749 304 1778 in
320 1749 351 1779 S.
367 1750 462 1779 Iacobi
475 1749 562 1790 Epist
578 1749 615 1779 C.
630 1759 670 1785 11,
683 1752 712 1778 8.
727 1758 758 1780 et
772 1751 816 1780 Io.
830 1750 946 1780 Alherti
959 1749 999 1779 ad
1015 1750 1137 1791 Hesych.
1149 1749 1249 1786 Νόμας·
1263 1747 1338 1777 Non

195 1792 338 1822 omnium
357 1799 474 1829 tamen,
497 1791 551 1831 qui
575 1799 719 1828 utuntur,
745 1792 829 1823 idem
848 1803 962 1828 sensus,
984 1791 1130 1833 idemque
1151 1790 1339 1821 institutum.

199 1835 358 1865 Herodotus
373 1845 477 1865 mores
497 1833 591 1876 longa
611 1834 814 1866 adsuetudine
824 1834 963 1866 valentes
977 1843 1008 1866 et
1022 1834 1227 1869 dominantes,
1241 1842 1339 1874 quan-

196 1877 314 1908 tumvis
334 1888 447 1919 pravos
468 1885 498 1908 et
521 1877 716 1914 inhumanos,
735 1877 892 1920 intelligit.
934 1880 1090 1914 Pindarus,
1105 1878 1127 1907 si
1144 1879 1290 1908 Platonem
1306 1875 1339 1906 id

198 1921 299 1960 Gorg.
312 1931 341 1961 p.
356 1924 427 1951 484.
452 1920 603 1957 audimus,
627 1921 686 1950 isto
711 1922 724 1951 ὁ
740 1922 817 1961 νὸμος
835 1922 950 1952 «τάν-των
965 1922 1100 1957 βασιλεὺς
1117 1921 1223 1951 θνατῶν
1238 1932 1270 1950 τε
1286 1920 1337 1949 καὶ

195 1965 344 1995 ἀθανάτων
357 1963 458 1995 voluit
467 1963 561 2000 aliud,
574 1970 606 1993 et
619 1963 759 2004 quidem,
771 1971 887 1995 aeterna
898 1963 972 2005 lege
985 1964 1166 1994 inmortales
1179 1960 1342 1993 mortales-

198 2016 260 2047 que
275 2006 454 2048 constringi,
469 2006 642 2047 cedereque
656 2006 733 2037 adeo
748 2007 913 2038 debiliores
926 2006 1160 2043 robustioribus,
1176 2003 1342 2047 superiori-

197 2047 258 2079 bus
279 2048 440 2080 inferiores
463 2057 618 2091 oportere.
643 2049 739 2080 Refer
762 2049 824 2081 huc
847 2049 1025 2092 elegantem
1040 2049 1177 2081 Abbatis
1187 2049 1342 2091 Fraguere't'

198 2090 447 2123 dissertationem
462 2092 582 2123 Aistor.
593 2092 693 2123 Acad.
708 2093 849 2134 Inscript.
860 2094 899 2123 T.
915 2104 969 2123 111.
983 2105 1012 2135 p.
1029 2097 1098 2124 165.
1140 2094 1255 2123 Wrss.

245 2135 320 2175 Paga
335 2138 386 2165 22.
398 2137 418 2165 l.
442 2139 490 2165 13.
502 2135 632 2175 Ἄμασις
656 2136 870 2179 Πολυκράτεϊ]
893 2138 1078 2167 Graecorum
1103 2135 1342 2167 studiosissimus

199 2176 303 2208 literas
315 2176 397 2208 forte
411 2178 533 2209 dederit
556 2178 682 2209 Amasis
703 2178 735 2209 in
760 2179 934 2210 Graeciam:
962 2179 1142 2220 Polycrates
1155 2177 1265 2209 Amasi
1281 2178 1343 2219 Py-

200 2221 348 2262 thagoram
364 2219 493 2262 epistola
507 2221 620 2262 scripta
631 2222 849 2253 coumendasse
864 2222 998 2253 traditur
1012 2224 1135 2264 Diogeni
1149 2223 1252 2252 Lab‘rt.
1266 2230 1345 2255 v111,

201 2267 230 2294 3.
245 2263 298 2294 sed
313 2274 407 2304 quam
422 2263 509 2294 velut
529 2264 678 2306 AEgyptii
698 2265 796 2306 Regis
817 2265 856 2295 ad
880 2266 1023 2296 Biantem
1047 2261 1194 2307 scriptam
1217 2263 1344 2295 exhibet.

203 2307 376 2338 Plutarchus
391 2306 422 2337 in
438 2306 594 2339 Convivio
614 2317 674 2338 vn.
689 2308 758 2351 Sap.
771 2319 802 2350 p.
820 2311 889 2340 151.
904 2309 939 2339 Β.
951 2307 1004 2339 illa
1019 2319 1108 2350 aeque
1124 2307 1240 2340 censeri
1255 2314 1344 2349 pote-
